%%%%%%%%%%%%%%%%%%%%%%%%%%%%%%%%%%%%%%
%%%%%%%%% INM430 REFERENCES %%%%%%%%%%
%%%%%%%%%%%%%%%%%%%%%%%%%%%%%%%%%%%%%%

 @misc{ wiki:IEC61508,
   author = "{Wikipedia contributors}",
   title = "IEC 61508",
   year = "2018",
   url = "https://en.wikipedia.org/wiki/IEC_61508",
   note = "[Online; accessed 02-December-2018]"
 }
 
 
 @Article{Savitzky:1964,
author={Savitzky, Abraham
and Golay, M. J. E.},
title={Smoothing and Differentiation of Data by Simplified Least Squares Procedures.},
journal={Analytical Chemistry},
year={1964},
month={Jul},
day={01},
publisher={American Chemical Society},
volume={36},
number={8},
pages={1627-1639},
issn={0003-2700},
doi={10.1021/ac60214a047},
url={https://doi.org/10.1021/ac60214a047}
}